@book{HIRSCH_VOL2,
  title={Numerical Computation of Internal and External Flows: Computational methods for inviscid and viscous flows},
  author={Hirsch, C. and Hirsch, C.},
  isbn={9780471923510},
  lccn={87023116},
  series={Wiley series in numerical methods in engineering},
  url={https://books.google.com.br/books?id=Ws0YAQAAIAAJ},
  year={1990},
  publisher={Wiley}
}
@article{HARTEN_JCP_1983,
    author =       " Harten, A",
    title =        "High Resolution Schemes for Hyperbolic Conservation Laws",
    journal =      "Journal of Computational Physics",
    volume =       "49",
    pages =        "357--393",
    year =         "1983"
}
@article{YEE_LNP_1982,
    author =       "Yee, H.C., Warming, R.F., and Harten, A",
    title =        "A High-Resolution Numerical Technique for
Inviscid Gas-Dynamic Problems with Weak Solutions",
    journal =      "Proceedings of the 8th International
Conference on Numerical Methods in Fluid Dynamics",
    volume =       "170",
    pages =        "546-552",
    year =         "1982"
}
@article{YEE_JCP_1985,
    author =       "Yee, H.C., Warming, R.F., and Harten, A",
    title =        "Implicit Total Variation Diminishing (TVD)
Schemes for Steady-State Calculations",
    journal =      "Journal of Computational Physics",
    volume =       "57",
    pages =        "327--360",
    year =         "1985"
}
@techreport{YEE_NASATM_1983,
    author = "H. C. Yee, R. F. Warming, A. Harten",
    title = "Implicit Total Variation Diminishing (TVD) Schemes for Steady-State Calculations",
    number = "TM-84342",
    institution = "NASA",
    type = "Technical Memo",
    year = "1983",
    month = March
}
@misc{AZEVEDO,
  author        = {Jo√£o Luiz F. Azevedo},
  title         = {Proposta do projeto 4 - CC299},
  month         = {Dezembro},
  year          = {2016},
  publisher={ITA}
}
